<record><leader>00000cas a2200000 a 4500</leader><controlfield tag="001">9370618</controlfield><controlfield tag="008">830402d18641869mtuwr ne      0   a0eng  </controlfield><controlfield tag="009">3770</controlfield><datafield ind1=" " ind2=" " tag="010"><subfield code="a">sn 83025293 </subfield></datafield><datafield ind1=" " ind2=" " tag="040"><subfield code="a">NPV</subfield><subfield code="b">eng</subfield><subfield code="c">NPV</subfield><subfield code="d">MTL</subfield><subfield code="d">NPX</subfield><subfield code="d">NPU</subfield><subfield code="d">DLC</subfield><subfield code="d">UNP</subfield><subfield code="d">ANU</subfield><subfield code="d">KNP</subfield><subfield code="d">CNK</subfield><subfield code="d">NVF</subfield><subfield code="d">OCL</subfield><subfield code="d">CZL</subfield><subfield code="d">DLC</subfield><subfield code="d">OCLCF</subfield></datafield><datafield ind1=" " ind2=" " tag="012"><subfield code="l">a</subfield></datafield><datafield ind1="1" ind2=" " tag="022"><subfield code="a">2158-8953</subfield><subfield code="2">1</subfield></datafield><datafield ind1="1" ind2=" " tag="029"><subfield code="a">AU@</subfield><subfield code="b">000025810826</subfield></datafield><datafield ind1=" " ind2=" " tag="042"><subfield code="a">pcc</subfield><subfield code="a">nsdp</subfield></datafield><datafield ind1=" " ind2=" " tag="043"><subfield code="a">n-us-mt</subfield></datafield><datafield ind1=" " ind2=" " tag="045"><subfield code="a">w6w6</subfield></datafield><datafield ind1="0" ind2="0" tag="050"><subfield code="a">Newspaper</subfield></datafield><datafield ind1=" " ind2=" " tag="052"><subfield code="a">4253</subfield><subfield code="b">L4</subfield><subfield code="b">M3</subfield></datafield><datafield ind1="0" ind2=" " tag="130"><subfield code="a">Montana post (Virginia City, Mont. : 1864)</subfield></datafield><datafield ind1=" " ind2="4" tag="222"><subfield code="a">The Montana post</subfield><subfield code="b">(Virginia City, Mont. 1864)</subfield></datafield><datafield ind1="1" ind2="4" tag="245"><subfield code="a">The Montana post.</subfield></datafield><datafield ind1="1" ind2=" " tag="246"><subfield code="i">Published as:</subfield><subfield code="a">Weekly Montana post</subfield><subfield code="f">Nov. 17-Dec. 18, 1866</subfield></datafield><datafield ind1=" " ind2=" " tag="260"><subfield code="a">Virginia City, Montana Territory [i.e. Mont.] :</subfield><subfield code="b">J. Buchanan,</subfield><subfield code="c">1864-1869.</subfield></datafield><datafield ind1=" " ind2=" " tag="300"><subfield code="a">v.</subfield></datafield><datafield ind1=" " ind2=" " tag="310"><subfield code="a">Weekly</subfield></datafield><datafield ind1="0" ind2=" " tag="362"><subfield code="a">Vol. 1, no. 1 (Aug. 27, 1864)-v. 5, no. 11 (June 11, 1869).</subfield></datafield><datafield ind1=" " ind2=" " tag="500"><subfield code="a">Special "Montana post-fire extra" published May 3, 1869.</subfield></datafield><datafield ind1=" " ind2=" " tag="500"><subfield code="a">"The first newspaper published in Montana." Cf. Cent. of Mont. journalism.</subfield></datafield><datafield ind1=" " ind2=" " tag="500"><subfield code="a">"Devoted to the mineral, agricultural and commercial interests of Montana Territory." (noted on issues after July 14, 1866).</subfield></datafield><datafield ind1=" " ind2=" " tag="500"><subfield code="a">Place of publication varies: Helena, Mont, 1868-1869.</subfield></datafield><datafield ind1=" " ind2=" " tag="500"><subfield code="a">Editors: John Buchanan, Aug.-Sept. 1864; D.W. Tilton, Sept. 1864-Aug. 1866; Henry N. Blake, Aug.-Dec. 1866; James H. Mills, Jan. 1867-June 1869.</subfield></datafield><datafield ind1=" " ind2=" " tag="500"><subfield code="a">Publishers: J. Buchanan, Aug.-Sept. 1864; D.W. Tilton &amp; Co., Sept. 1864-Mar. 1868; B.R. Dittes, Apr.-July 1868; Montana Post Pub. Co., Aug. 1868-June 1869.</subfield></datafield><datafield ind1=" " ind2=" " tag="515"><subfield code="a">Issues for Sept. 2, 1865-1869 called also whole no. 54-240.</subfield></datafield><datafield ind1=" " ind2=" " tag="525"><subfield code="a">Has occasional supplements.</subfield></datafield><datafield ind1=" " ind2=" " tag="530"><subfield code="a">Available also on microfilm from the Montana Historical Society.</subfield></datafield><datafield ind1=" " ind2=" " tag="530"><subfield code="a">Archived issues are available in digital format as part of the Library of Congress Chronicling America online collection.</subfield></datafield><datafield ind1=" " ind2=" " tag="580"><subfield code="a">Triweekly eds.: Tri-weekly Republican (Helena, Mont.), 1866, and: Tri-weekly post (Virginia City, Mont.), 1866-1867, and: Virginia tri-weekly post, 1867-1868.</subfield></datafield><datafield ind1=" " ind2=" " tag="580"><subfield code="a">Daily ed.: Daily Montana post, 1868-1869.</subfield></datafield><datafield ind1=" " ind2="0" tag="651"><subfield code="a">Helena (Mont.)</subfield><subfield code="v">Newspapers.</subfield></datafield><datafield ind1=" " ind2="0" tag="651"><subfield code="a">Virginia City (Mont.)</subfield><subfield code="v">Newspapers.</subfield></datafield><datafield ind1=" " ind2="7" tag="655"><subfield code="a">Newspapers.</subfield><subfield code="2">fast</subfield><subfield code="0">(OCoLC)fst01423814</subfield></datafield><datafield ind1=" " ind2="7" tag="651"><subfield code="a">Montana</subfield><subfield code="z">Helena.</subfield><subfield code="2">fast</subfield><subfield code="0">(OCoLC)fst01207480</subfield></datafield><datafield ind1=" " ind2="7" tag="651"><subfield code="a">Montana</subfield><subfield code="z">Virginia City.</subfield><subfield code="2">fast</subfield><subfield code="0">(OCoLC)fst01251119</subfield></datafield><datafield ind1=" " ind2=" " tag="752"><subfield code="a">United States</subfield><subfield code="b">Montana</subfield><subfield code="c">Lewis and Clark</subfield><subfield code="d">Helena.</subfield></datafield><datafield ind1=" " ind2=" " tag="752"><subfield code="a">United States</subfield><subfield code="b">Montana</subfield><subfield code="c">Madison</subfield><subfield code="d">Virginia City.</subfield></datafield><datafield ind1="1" ind2=" " tag="775"><subfield code="t">Tri-weekly Republican (Helena, Mont.)</subfield><subfield code="w">(DLC)sn 85053067</subfield><subfield code="w">(OCoLC)12955436</subfield></datafield><datafield ind1="1" ind2=" " tag="775"><subfield code="t">Tri-weekly post (Virginia City, Mont.)</subfield><subfield code="w">(DLC)sn 84024809</subfield><subfield code="w">(OCoLC)11300060</subfield></datafield><datafield ind1="1" ind2=" " tag="775"><subfield code="t">Virginia tri-weekly post</subfield><subfield code="w">(DLC)sn 84038132</subfield><subfield code="w">(OCoLC)11180852</subfield></datafield><datafield ind1="1" ind2=" " tag="775"><subfield code="t">Daily Montana post</subfield><subfield code="w">(DLC)sn 85053066</subfield><subfield code="w">(OCoLC)11791791</subfield></datafield><datafield ind1="1" ind2=" " tag="776"><subfield code="c">Microfilm</subfield><subfield code="d">Montana Historical Society</subfield><subfield code="w">(OCoLC)13695833</subfield></datafield><datafield ind1="4" ind2="1" tag="856"><subfield code="u">http://www.loc.gov/chroniclingamerica/lccn/sn83025293/issues</subfield></datafield></record>